@Manual{CubeSat,
	title = {CubeSat Design Specification},
	author = {MEHRPARVAR, A. and PIGNATELLI, D.},
	organization = {Cal Poly},
	address = {Calif\'{o}rnia},
	edition = {13},
	year = {2014}}

@Manual{TrisolX,
	Title = {TrisolX Solar Wings},
	Organization = {TrisolX},
	address = {Nova Iorque},
	Year = {2015}}

@Manual{Corsi,
	title = {Especifica\c{c}\~{a}o do produto CubeSat},
	author = {FERR\~{A}O, R. C.},
	organization = {NSEE-IMT},
	address = {S\~{a}o Caetano do Sul},
	edition = {1},
	year = {2014}}
	
@Manual{1941,
	Organization = {Linear Technology},
	Title = {Low Loss PowerPath Controller in ThinSOT},
	Url = {http://cds.linear.com/docs/en/datasheet/1941fb.pdf},
	Urlaccessdate = {06 jan. 2016},
	Year = {2014}}
	
@Manual{3488,
	Organization = {Texas Instruments},
	Title = {LM3488/-Q1 High-Efficiency, Low-Side, N-Channel Controller for Switching Regulators},
	Url = {http://www.ti.com/lit/ds/snvs089n/snvs089n.pdf},
	Urlaccessdate = {06 jan. 2016},
	Year = {2014}}

@Manual{563200,
	Organization = {Texas Instruments},
	Title = {Tps56x200 4.5 V To 17 V Input, 2 A, 3 A Synchronous Step-Down Voltage Regulator In 6 Pin SOT-23},
	Url = {http://www.ti.com/lit/ds/symlink/tps563200.pdf},
	Urlaccessdate = {06 jan. 2016},
	Year = {2014}}

@Manual{18f,
	Organization = {Microchip},
	Title = {PIC18F66K80 Family Data Sheet},
	Url = {http://ww1.microchip.com/downloads/en/DeviceDoc/39977c.pdf},
	Urlaccessdate = {06 jan. 2016},
	Year = {2014}}

@Manual{4412,
	Organization = {Linear Technology},
	Title = {Low Loss PowerPath Controller in ThinSOT},
	Url = {http://cds.linear.com/docs/en/datasheet/4412fb.pdf},
	Urlaccessdate = {06 jan. 2016},
	Year = {2014}}


